@article{ref_article1,
	author = {Di Zhang, Nilay Shah, Lazaros G. Papageorgiou},
	title = {Efficient energy consumption and operation management in a smart
building with microgrid},
	journal = {Energy Conversion and Management},
	year = {2013},
	volume = {74},
	issue = {1},
	pages = {209--222},
}

@article{ref_article2,
	author = {A. A. Salam, A. Mohamed and M. A. Hannan},
	title = {TECHNICAL CHALLENGES ON MICROGRIDS},
	journal = {ARPN Journal of Engineering and Applied Sciences},
	year = {2008},
	volume = {3},
	issue = {6},
	pages = {64--69},
}
@Misc{weather,
  author =    {},
  title =     {Weatherbit-io},
  url = "https://www.weatherbit.io/about",
  note = {[Online; accessed 20.07.2019]}
  }

@Misc{bottlepy,
  author =    {},
  title =     {Bottlepy},
  url = "https://bottlepy.org/docs/dev/tutorial.html",
  note = {[Online; accessed 20.07.2019]}
  }
  
@Misc{power,
  author =    {},
  title =     {OPSD},
  url = "https://data.open-power-system-data.org/household_data/2017-11-10",
  note = {[Online; accessed 20.07.2019]}
  }
@Misc{entsoe,
  author =    {},
  title =     {ENTSOE},
  url = "https://github.com/EnergieID/entsoe-py/blob/master/entsoe/mappings.py",
  note = {[Online; accessed 20.07.2019]}
  }
 
@Misc{supply,
  author={Ilche Georgievski,Marco Aiello},
  title={{Smart Energy Systems}:Introduction to supply side and demand side},
  url="https://ilias3.uni-stuttgart.de/goto_Uni_Stuttgart_file_1670605_download.html",
  note = {[Online; accessed 20.07.2019]} 
  }
  

